@article{word2vec_tfidf,
  author = "Towards Data Science",
  title = "Word Embedding Techniques: Word2Vec and TF-IDF Explained",
  year = "2020",
  url = "https://medium.com/towards-data-science/word-embedding-techniques-word2vec-and-tf-idf-explained-c5d02e34d08",
  note = "Accessed: 2023-10-10"
}

@misc{pca_gfg,
  author = "GeeksforGeeks",
  title = "Principal Component Analysis (PCA)",
  year = "2020",
  url = "https://www.geeksforgeeks.org/principal-component-analysis-pca/",
  note = "Accessed: 2023-10-10"
}

@misc{kmeans_gfg,
  author = "GeeksforGeeks",
  title = "K-Means Clustering Introduction",
  year = "2020",
  url = "https://www.geeksforgeeks.org/k-means-clustering-introduction/",
  note = "Accessed: 2023-10-10"
}

@misc{silhouette_gfg,
  author = "GeeksforGeeks",
  title = "Silhouette Algorithm to Determine the Optimal Value of K",
  year = "2020",
  url = "https://www.geeksforgeeks.org/silhouette-algorithm-to-determine-the-optimal-value-of-k/",
  note = "Accessed: 2023-10-10"
}

@misc{fowlkes_mallows_wiki,
  author = "Wikipedia",
  title = "Fowlkes-Mallows Index",
  year = "2020",
  url = "https://en.wikipedia.org/wiki/Fowlkes%E2%80%93Mallows_index",
  note = "Accessed: 2023-10-10"
}

@misc{rand_index_wiki,
  author = "Wikipedia",
  title = "Rand Index",
  year = "2020",
  url = "https://en.wikipedia.org/wiki/Rand_index",
  note = "Accessed: 2023-10-10"
}